<?xml version="1.0" encoding="UTF-8"?><collection><record><leader>04525ntm a2200457 a 4500</leader><controlfield tag="001">006817954</controlfield><controlfield tag="003">MiAaHDL</controlfield><controlfield tag="005">20190719000000.0</controlfield><controlfield tag="006">m        d        </controlfield><controlfield tag="007">cr bn ---auaua</controlfield><controlfield tag="008">090612s16uu    xx            00| ||per d</controlfield><datafield tag="035" ind1=" " ind2=" "><subfield code="a">(MiU)006817954</subfield></datafield><datafield tag="035" ind1=" " ind2=" "><subfield code="a">sdr-miu006817954</subfield></datafield><datafield tag="040" ind1=" " ind2=" "><subfield code="a">MiU</subfield><subfield code="c">MiU</subfield><subfield code="e">amremm</subfield></datafield><datafield tag="043" ind1=" " ind2=" "><subfield code="a">n-us-mi</subfield></datafield><datafield tag="245" ind1="0" ind2="0"><subfield code="6">880-03</subfield><subfield code="a">[Majmūʻah-ʼi ashʻār,</subfield><subfield code="f">17th century?].</subfield></datafield><datafield tag="260" ind1=" " ind2=" "><subfield code="c">[16--?].</subfield></datafield><datafield tag="300" ind1=" " ind2=" "><subfield code="a">35 leaves :</subfield><subfield code="b">paper ;</subfield><subfield code="c">200 x 132 (148 x 72) mm. bound to 204 x 132 mm.</subfield></datafield><datafield tag="500" ind1=" " ind2=" "><subfield code="a">Shelfmark: Ann Arbor, University of Michigan, Special Collections Library, Isl. Ms. 349</subfield></datafield><datafield tag="500" ind1=" " ind2=" "><subfield code="a">Origin: Lacks dated colophon ; perhaps 17th century [?].</subfield></datafield><datafield tag="500" ind1=" " ind2=" "><subfield code="a">Former shelfmark: "515 T. De M. [i.e. Tammaro De Marinis]" on front flyleaf.</subfield></datafield><datafield tag="500" ind1=" " ind2=" "><subfield code="a">Binding: Pasteboards covered in dark red brown leather ; Type III binding (without flap) though not flush with text block (too large) ; pastedowns and flyleaves in textured and coated royal blue paper, foil stamped with a star dot pattern in gold ; upper and lower covers carry gold-tooled borders and corner accents (tooled rosettes with radiating strokes) ; now sewn in yellow thread, four stations ; worked chevron endbands in red and yellow, good condition ; overall in fairly good condition with only minor abrasion, etc.</subfield></datafield><datafield tag="500" ind1=" " ind2=" "><subfield code="a">Support: non-European (likely Indian or Persian) laid paper with 10 laid lines per cm. (vertical) and no chain lines distinctly visible, sturdy, burnished, possibly two thicknesses with written area mounted on another leaf ; extensive pest damage ; numerous repairs (fills).</subfield></datafield><datafield tag="500" ind1=" " ind2=" "><subfield code="a">Decoration: Elegant illuminated headpiece ( ʻunwān / sarlawḥ ) at opening (fol.1b) consisting of rectangular piece with cartouche carrying basmalah surrounded by swirling floral vegetal designs on grounds of gold, light blue, and red, surmounted by a scalloped w-shaped piece filled with similar swirling vegetal motifs on grounds of gold and light blue, all surmounted by vertical stalks (tīgh) in blue and set in a well with delicate floral designs on a heavy band of gold flanked by narrower black and gold bands ; written area of incipit and facing page accented with gold cloud-bands and rich marginal decoration of leaves and floral forms in gold outlined in red ; written area surfaced dyed a faint beige and surrounded by frame consisting of heavy gold band defined by black fillets, innermost narrow gold band and outermost red and blue rules ; occasional keywords rubricated ; unfinished miniature (outlines only in ink) near opening (fol.7a) showing figures in a wood on the banks of a stream or river.</subfield></datafield><datafield tag="500" ind1=" " ind2=" "><subfield code="a">Script: Nastaʻlīq ; elegant hand in a medium line ; serifless, with marked effect of words descending to baseline, elongation and contrasting thickness of horizontal strokes, pointing mainly in distinct dots ; headings in large, bold hand.</subfield></datafield><datafield tag="500" ind1=" " ind2=" "><subfield code="a">Layout: Written in 12 lines per page, divided to columns where verses appear ; frame-ruled.</subfield></datafield><datafield tag="500" ind1=" " ind2=" "><subfield code="a">Collation: ii, IV (8), III (14), IV (22), II (26), IV+1 (35), ii ; chiefly quaternions with a ternion and binion as well ; catchwords present (often obscured by repairs) ; fol.5b left partially blank (perhaps for illustration never realized).</subfield></datafield><datafield tag="500" ind1=" " ind2=" "><subfield code="a">Incipit: "بیت الغزل سفینۀ لسان و سر داستان مجموعۀ بیان حمد ... اما بعد بر جوهریان رسته بازار دانش و غواصان بحر ناپیدا کنار بینش روشن و هوید است ..."</subfield></datafield><datafield tag="500" ind1=" " ind2=" "><subfield code="a">Title supplied by cataloguer.</subfield></datafield><datafield tag="500" ind1=" " ind2=" "><subfield code="a">Ms. codex.</subfield></datafield><datafield tag="520" ind1="8" ind2=" "><subfield code="a">Elegant copy of an anthology of Persian verses with poets typically named in headings.</subfield></datafield><datafield tag="538" ind1=" " ind2=" "><subfield code="a">Mode of access: Internet.</subfield></datafield><datafield tag="541" ind1=" " ind2=" "><subfield code="c">Purchase ;</subfield><subfield code="a">Acquired by purchase (funds donated by Horace Rackham).</subfield><subfield code="d">1924.</subfield></datafield><datafield tag="546" ind1=" " ind2=" "><subfield code="a">Persian.</subfield></datafield><datafield tag="561" ind1=" " ind2=" "><subfield code="a">Inscription in pencil on front flyleaf "515 T.De M. [i.e. Tammaro De Marinis]" ; Hindu-Arabic numerals appear in blue pencil in the margins at certain lines of verse, otherwise fairly clean copy.</subfield></datafield><datafield tag="650" ind1=" " ind2="0"><subfield code="a">Manuscripts, Persian</subfield><subfield code="z">Michigan</subfield><subfield code="z">Ann Arbor.</subfield></datafield><datafield tag="650" ind1=" " ind2="0"><subfield code="a">Persian poetry</subfield><subfield code="y">1500-1796.</subfield></datafield><datafield tag="655" ind1=" " ind2="7"><subfield code="a">Headpieces (layout features)</subfield><subfield code="y">17th century.</subfield><subfield code="2">aat</subfield></datafield><datafield tag="700" ind1="0" ind2=" "><subfield code="a">Abdülhamid</subfield><subfield code="b">II,</subfield><subfield code="c">Sultan of the Turks,</subfield><subfield code="d">1842-1918,</subfield><subfield code="e">former owner.</subfield></datafield><datafield tag="773" ind1="0" ind2=" "><subfield code="a">Abdul Hamid Collection.</subfield></datafield><datafield tag="880" ind1="0" ind2="0"><subfield code="6">245-03/</subfield><subfield code="a">[مجموعۀ اشعار,</subfield><subfield code="f">قرن 17م؟].</subfield></datafield><datafield tag="CID" ind1=" " ind2=" "><subfield code="a">006817954</subfield></datafield><datafield tag="DAT" ind1="0" ind2=" "><subfield code="a">20190719102639.0</subfield><subfield code="b">20190719000000.0</subfield></datafield><datafield tag="DAT" ind1="1" ind2=" "><subfield code="a">20190719090653.0</subfield><subfield code="b">2019-07-19T16:12:01Z</subfield></datafield><datafield tag="DAT" ind1="2" ind2=" "><subfield code="a">2015-10-02T18:00:03Z</subfield></datafield><datafield tag="CAT" ind1=" " ind2=" "><subfield code="a">SDR-MIU</subfield><subfield code="d">EX LIBRIS - ALEPH</subfield><subfield code="l">prepare.pl-004-008</subfield></datafield><datafield tag="FMT" ind1=" " ind2=" "><subfield code="a">BK</subfield></datafield><datafield tag="HOL" ind1=" " ind2=" "><subfield code="0">sdr-miu006817954</subfield><subfield code="a">MiU</subfield><subfield code="b">SDR</subfield><subfield code="c">MIU</subfield><subfield code="p">mdp.39015079129741</subfield><subfield code="s">MIU</subfield><subfield code="1">006817954</subfield></datafield><datafield tag="974" ind1=" " ind2=" "><subfield code="b">MIU</subfield><subfield code="c">MIU</subfield><subfield code="d">20190719</subfield><subfield code="s">lit-dlps-dc</subfield><subfield code="u">mdp.39015079129741</subfield><subfield code="y">1699</subfield><subfield code="r">pd</subfield><subfield code="q">bib</subfield><subfield code="t">non-US bib date1 &lt; 1896</subfield></datafield></record></collection>